%% LaTeX2e file `598_hw1.bib'
%% generated by the `filecontents' environment
%% from source `hw1' on 2023/02/13.
%%

@article{Miller2023,
 title = {The {Effect} of {Gender} on {Interruptions} at {Congressional} {Hearings}},
 volume = {117},
 issn = {0003-0554, 1537-5943},
 doi = {10.1017/S0003055422000260},
 language = {en},
 number = {1},
 urldate = {2023-02-13},
 journal = {American Political Science Review},
 author = {Miller, Michael G. and Sutherland, Joseph L.},
 month = feb,
 year = {2023},
 pages = {103--121}
}

